@book{ga-book,
  author = "Sivanandam, S. N. and Deepa, S. N.",
  title = "Introduction to Genetic Algorithms",
  publisher ="Springer-Verlag",
  address = "Berlin Heidelberg",
  year = "2008",
  isbn = "ISBN 978-3-540-73189-4"
}

@article{mar-io,
  author = "Baldominos A. and Saez Y. and Recio G. and Calle J",
  title = "Learning Levels of Mario AI Using Genetic Algorithms",
  journal = "Advances in Artificial Intelligence. CAEPIA 2015. Lecture Notes in Computer Science",
  volume = "9422",
  publisher = "Springer",
  address = "Cham",
  doi = "10.1007/978-3-319-24598-0\_24"
}

@conference{ga-transport,
  author = "C. Lin and J. Yu and J. Liu and C. Lee",
  title = "Genetic Algorithm for Shortest Driving Time in Intelligent Transportation Systems",
  year = "2008",
  booktitle = "International Conference on Multimedia and Ubiquitous Engineering 2008",
  pages = "402-406",
  doi = "10.1109/MUE.2008.16"
}

@inproceedings{ga-vrp,
  author = "Zhu, K. Q.",
  title = "A new genetic algorithm for VRPTW",
  booktitle = "Proceedings of the international conference on artificial intelligence",
  year = "2000"
}

@article{ga-tsp,
  author = "Ahmed, Z. H.",
  title = "Genetic algorithm for the traveling salesman problem using sequential constructive crossover operator",
  journal= "International Journal of Biometrics \& Bioinformatics (IJBB)",
  volume = "3.6",
  year = "2010",
  pages = "96",
}

@inproceedings{ga-scheduling,
  author = "Lim, C., and Eoksu S.",
  title = "Production planning in manufacturing/remanufacturing environment using genetic algorithm",
  booktitle = "Proceedings of the 7th annual conference on Genetic and evolutionary computation",
  year = "2005",
}

@article{ga-robocode,
  author = "Shichel Y. and Ziserman E. and Sipper M.",
  title = "Using Genetic Programming to Evolve Robocode Players",
  booktitle = "Genetic Programming. EuroGP 2005. Lecture Notes in Computer Science",
  volume = "3447",
  publisher = "Springer",
  address = "Berlin, Heidelberg",
  doi = "https://doi.org/10.1007/978-3-540-31989-4\_13",
}

@article{ga-portfolio,
  author = "S. Slimane and M. Benbouziane",
  title = "Portfolio Selection Using Genetic Algorithm",
  journal = "Journal of Applied Finance \& Banking",
  volume = "2",
  number ="4",
  year = "2012",
  pages = "143-154",
}

@article{ga-trading,
  author = "R.J. Kuo and C.H. Chen and Y.C. Hwang",
  title = "An intelligent stock trading decision support system through integration of genetic algorithm based fuzzy neural network and artificial neural network",
  journal = "Fuzzy Sets and Systems",
  volume = "118",
  number = "1",
  year = "2001",
  pages = "21-45",
  issn = "ISSN 0165-0114",
  doi = "10.1016/S0165-0114(98)00399-6",
}

@conference{ga-imgseg,
  author = "Pare, S. and Bhandari, A. K. and Kumar, A. and Singh, G. K. and Khare, S.",
  title = "Satellite image segmentation based on different objective functions using genetic algorithm: a comparative study",
  booktitle = "2015 IEEE international conference on digital signal processing (DSP)",
  pages = "730-734",
  publisher = "IEEE",
}

@book{image-proc,
  author = "Jayaraman, S. and S. Esakkirajan and and T. Veerakumar",
  title = "Digital image processing",
  publisher = "Mc Graw Hill",
  address = "India",
  year = "2009",
  isbn = "ISBN 978-0070144798",
}

@conference{ga-imgenh,
  author = "Deborah, H. and Arymurthy, A. M.",
  title = "Image enhancement and image restoration for old document image using genetic algorithm",
  booktitle = "2010 Second International Conference on Advances in Computing, Control, and Telecommunication Technologies",
  pages = "108-112",
  publisher = "IEEE",
}

